
@article{compo_twentieth_2011,
	title = {The twentieth century reanalysis project},
	volume = {137},
	url = {http://onlinelibrary.wiley.com/doi/10.1002/qj.776/full},
	number = {654},
	urldate = {2014-08-09},
	journal = {Quarterly Journal of the Royal Meteorological Society},
	author = {Compo, Gilbert P. and Whitaker, Jeffrey S. and Sardeshmukh, Prashant D. and Matsui, N. and Allan, R. J. and Yin, X. and Gleason, B. E. and Vose, R. S. and Rutledge, G. and Bessemoulin, P. and {others}},
	year = {2011},
	pages = {1â€“28},
	file = {Compo et al. - 2011 - The twentieth century reanalysis project.pdf:/home/markmuetz/.mozilla/firefox/mwad0hks.default/zotero/storage/D6939NMS/Compo et al. - 2011 - The twentieth century reanalysis project.pdf:application/pdf}
}