
@article{knapp_international_2010,
	title = {The International Best Track Archive for Climate Stewardship ({IBTrACS})},
	volume = {91},
	issn = {0003-0007},
	url = {http://dx.doi.org/10.1175/2009BAMS2755.1},
	doi = {10.1175/2009BAMS2755.1},
	number = {3},
	urldate = {2014-08-09},
	journal = {Bulletin of the American Meteorological Society},
	author = {Knapp, Kenneth R. and Kruk, Michael C. and Levinson, David H. and Diamond, Howard J. and Neumann, Charles J.},
	month = mar,
	year = {2010},
	pages = {363--376}
}