@book{mclachlan2004discriminant,
  title={Discriminant analysis and statistical pattern recognition},
  author={McLachlan, Geoffrey},
  volume={544},
  year={2004},
  publisher={John Wiley \& Sons}
}
