% e.g.:
@article{marengo2010future,
  title={Future change of climate in South America in the late twenty-first century: intercomparison of scenarios from three regional climate models},
  author={Marengo, Jose A and Ambrizzi, Tercio and Da Rocha, Rosmeri P and Alves, Lincoln M and Cuadra, Santiago V and Valverde, Maria C and Torres, Roger R and Santos, Daniel C and Ferraz, Simone ET},
  journal={Climate Dynamics},
  volume={35},
  number={6},
  pages={1073--1097},
  year={2010},
  publisher={Springer}
}
