
@article{walsh_objective_1997,
	title = {Objective detection of tropical cyclones in high-resolution analyses},
	volume = {125},
	url = {http://journals.ametsoc.org/doi/abs/10.1175/1520-0493(1997)125%3C1767%3AODOTCI%3E2.0.CO%3B2},
	number = {8},
	urldate = {2014-06-23},
	journal = {Monthly weather review},
	author = {Walsh, Kevin},
	year = {1997},
	pages = {1767â€“1779},
	file = {Walsh 1996.pdf:/home/markmuetz/.mozilla/firefox/mwad0hks.default/zotero/storage/PWCXZBDG/Walsh 1996.pdf:application/pdf}
}